@Book{knuth:84,
  author = 	 {Donald E. Knuth},
  title = 	 {The {\TeX} Book},
  publisher = 	 {Addison-Wesley},
  year = 	 {1984},
  edition = 	 {15th}
}

@InCollection{boulic:91,
  author = 	 {R. Boulic and O. Renault},
  title = 	 {3D Hierarchies for Animation},
  booktitle = 	 {New Trends in Animation and Visualization},
  publisher =    {John Wiley {\&} Sons ltd.},
  year = 	 {1991},
  editor = 	 {Nadia Magnenat-Thalmann and Daniel Thalmann}
}

@InCollection{smith:99,
  author = 	 {A. Smith and B. Jones},
  title = 	 {On the Complexity of Computing},
  booktitle = 	 {Advances in Computer Science},
  pages = 	 {555--566},
  publisher =    {Publishing Press},
  year = 	 {1999},
  editor = 	 {A. B. Smith-Jones}
}

@INPROCEEDINGS{maple2003,
author={C. Maple},
booktitle={2003 International Conference on Geometric Modeling and Graphics, 2003. Proceedings},
title={Geometric design and space planning using the marching squares and marching cube algorithms},
year={2003},
pages={90-95},
keywords={CAD;approximation theory;computational geometry;area approximation;area encapsulation;geometric design;manufactured product design;marching cube;marching square;room design;room planning;space planning;three dimensional object;volume approximation;volume encapsulation;Approximation algorithms;Biomedical imaging;Data structures;Data visualization;Equations;Graphics;Piecewise linear techniques;Rendering (computer graphics);Shape;Solid modeling},
doi={10.1109/GMAG.2003.1219671},
month={July},}

@MISC{spiess2010,
author = {Phill Spiess},
    title = {Better Know An Algorithm: Marching Squares},
    year = {2010},
    note = {[Online; Acessado em 12/06/2017]},
    url = {http://devblog.phillipspiess.com/better%20know%20an%20algorithm/\\2010/02/23/better-know-marching-squares.html}
}

@article{hanisch2004,
  title={Marching square},
  author={Hanisch, Frank},
  year={2004},
  publisher={The Eurographics Association}
}
